<record><leader>00000cas a22000007a 4500</leader><controlfield tag="001">28744371</controlfield><controlfield tag="008">930903u1uuuuuuunyuwr n       0    0eng d</controlfield><datafield ind1=" " ind2=" " tag="010"><subfield code="a">sn 93063935 </subfield></datafield><datafield ind1=" " ind2=" " tag="040"><subfield code="a">NYS</subfield><subfield code="b">eng</subfield><subfield code="c">NYS</subfield><subfield code="d">OCLCQ</subfield></datafield><datafield ind1=" " ind2=" " tag="042"><subfield code="a">msc</subfield></datafield><datafield ind1="0" ind2="4" tag="245"><subfield code="a">The Censor, Inc.</subfield></datafield><datafield ind1="3" ind2="0" tag="246"><subfield code="a">Censor</subfield></datafield><datafield ind1=" " ind2=" " tag="250"><subfield code="a">Cassadaga-Stockton ed.</subfield></datafield><datafield ind1=" " ind2=" " tag="260"><subfield code="a">Fredonia, N.Y. :</subfield><subfield code="b">North Chautauqua Press</subfield></datafield><datafield ind1=" " ind2=" " tag="300"><subfield code="a">v.</subfield></datafield><datafield ind1=" " ind2=" " tag="500"><subfield code="a">Publisher: Manley Sessions, &lt;1929&gt;.</subfield></datafield><datafield ind1=" " ind2=" " tag="580"><subfield code="a">Fredonia ed.: Fredonia censor (Fredonia, N.Y. : 1824).</subfield></datafield><datafield ind1=" " ind2=" " tag="588"><subfield code="a">Description based on: Vol. 109, no. 36 (Sept. 5, 1929).</subfield></datafield><datafield ind1=" " ind2="4" tag="651"><subfield code="a">Fredonia (N.Y.)</subfield><subfield code="v">Newspapers.</subfield></datafield><datafield ind1=" " ind2="4" tag="651"><subfield code="a">Cassadaga (N.Y.)</subfield><subfield code="v">Newspapers.</subfield></datafield><datafield ind1=" " ind2="4" tag="651"><subfield code="a">Stockton (N.Y.)</subfield><subfield code="v">Newspapers.</subfield></datafield><datafield ind1=" " ind2="4" tag="651"><subfield code="a">Chautauqua County (N.Y.)</subfield><subfield code="v">Newspapers.</subfield></datafield><datafield ind1=" " ind2=" " tag="752"><subfield code="a">United States</subfield><subfield code="b">New York</subfield><subfield code="c">Chautauqua</subfield><subfield code="d">Fredonia.</subfield></datafield><datafield ind1=" " ind2=" " tag="752"><subfield code="a">United States</subfield><subfield code="b">New York</subfield><subfield code="c">Chautauqua</subfield><subfield code="d">Cassadaga.</subfield></datafield><datafield ind1=" " ind2=" " tag="752"><subfield code="a">United States</subfield><subfield code="b">New York</subfield><subfield code="c">Chautauqua</subfield><subfield code="d">Stockton.</subfield></datafield><datafield ind1="1" ind2=" " tag="775"><subfield code="t">Fredonia censor (Fredonia, N.Y. : 1824)</subfield><subfield code="w">(DLC)sn 83030992</subfield></datafield><datafield ind1="1" ind2=" " tag="029"><subfield code="a">AU@</subfield><subfield code="b">000025880395</subfield></datafield></record>